@misc{renovavel,
       author = "Medeiros Monteiro de Barros AND Verônica Souza de Queiroz Varella",
       title = "Fontes de Energia Renováveis: Geração Eólica",
       url = "http://www.solar.coppe.ufrj.br/eolica/eol\_txt.htm",
       note = "[Online; accessed 23-Abril-2015]"
        }

@misc{warkawater,
       author = "Tales Luciano Duarte",
       title =  "FANTÁSTICA INVENÇÃO QUE GERA 100 LITROS DE ÁGUA POR DIA – WARKA WATER",
       url = "http://yogui.co/fantastica-invencao-que-gera-100-litros-de-agua-por-dia-warka-water",
       note = "[Online; accessed 23-Abril-2015]"
        }

@misc{eole,
       author = "EOLE ÁGUA SAS",
       title = " Nossos produtos: Lista de especialidades",
       url = "http://www.eolewater.com/gb/our-products/our-expertise.html",
       note = "[Online; accessed 23-Abril-2015]"
        }

@misc{energia,
       author = "PORTAL ENERGIA",
       title = "Eole Water cria aerogerador capaz de gerar água potável",
       url = "http://www.portal-energia.com/eole-water-cria-aerogerador-capaz-de-gerar-agua-potavel",
       note = "[Online; accessed 23-Abril-2015]"
        }

@misc{renewable,
       author = "RENEWABLE ENERGY DEVELOPMENT",
       title = " Extraindo água do ar utilizando a energia eólica",
	year = "2012",
       url = "http://renewableenergydev.com/extracting-water-from-the-air-using-wind-	power",
       note = "[Online; accessed 23-Abril-2015]"
        }

@misc{perguntas,
       author = "Pedro Henrique Jochims Rossi AND Cássia Pederiva de Oliveira AND Prof. Jorge Villar Alé",
       title = "Perguntas Frequentes sobre Energia Eólica",
       url = "http://www.pucrs.br/ce-eolica/faq.php?q=23\#23",
       note = "[Online; accessed 23-Abril-2015]"
        }

@misc{warkawater2,
       author = "Epoch Times",
       title = "Warka Water: água pura para populações pobres",
	year = "2014",
       url = "https://www.epochtimes.com.br/warka-water-agua-pura-para-populacoes-	pobres/\#.VTmOTtJViko",
       note = "[Online; accessed 23-Abril-2015]"
        

@misc{usp, 
       author = "USP",
       title = "PEA 5002 - ENERGIA EÓLICA FUNDAMENTOS  E VIABILIDADE TÉCNICO-ECONÔMICA",
	year = "2005",
	address = "São Paulo",
     
       note = "[Online; accessed 23-Abril-2015]"
        }
   